@article{CSPswarm,
    author = {Yin, Yanchao and Sun, Linfu},
    title = {Generalized Dynamic Constraint Satisfaction
             Based on Extension Particle Swarm Optimization
             Algorithm for Collaborative Simulation},
    journal = {IEEE},
    year = 2007
}

@article{CSPhybrid,
    author = {Mhedhbi, Imen and Camus, Hervé
              and Craye, Etienne and Benrejeb, Mohamed},
    title = {SHMP solution for surface treatment line using
             an hybrid constraints satisfaction algorithm},
    journal = {IEEE},
    year = {2011}
}

@article{CSPtimetable,
    author = {Yang, Mingguang and Cai, Liyuan and Song, Guoming},
    title = {Constraint Satisfaction Timetabling Research
             Based on Course-Period-Template Selection
             and Conflict-Vector Detection},
    journal = {IEEE},
    year = {2010}
}

@article{CSPdynStateBound,
    author = {Lucia, Sergio and Paulen, Radoslav and  Engell, Sebastian},
    title = {Multi-stage Nonlinear Model Predictive Control
             with Verified Robust Constraint Satisfaction},
    journal = {IEEE},
    year = {2014}
}

@article{CSPneuro,
    author = {Ettaouil, Mohamed and Haddouch, Khalid and Hami, Youssef},
    title = {Neural networks approach for solving the Maximal
             Constraint Satisfaction Problems},
    journal = {IEEE},
    year = {2013}
}

@article{CSPcunningACO,
    author = {Mizuno, Kazunori and Hayakawa, Daiki and
              Sasaki, Hitoshi and Nishihara, Seiichi},
    title = {Solving Constraint Satisfaction Problems by ACO
             with Cunning Ants},
    journal = {IEEE},
    year = {2011}
}

@article{CSPlimmemACO,
    author = {Goradia, Hrishikesh J.},
    title = {Ants with Limited Memory for Solving Constraint
             Satisfaction Problems},
    journal = {IEEE},
    year = {2013}
}


@article{CSPhypHeur,
    author = {Ortiz-Bayliss, José C. and Terashima-Marín, Hugo
              and Conant-Pablos, Santiago E.},
    title = {Using Learning Classifier Systems to Design
             Selective Hyper-Heuristics for Constraint
             Satisfaction Problems},
    journal = {IEEE},
    year = {2013}
}

@article{CSPagent2013,
    author = {Moghaddas, Raziyeh and Mansoori, Eghbal
              and Hamzeh, Ali},
    title = {A New Multi-Agent Algorithm for Solving Constraint
             Satisfaction Problems},
    journal = {IEEE},
    year = {2013}
}

@article{CSPagent2014,
    author = {Sassi, Najla and Ghédira, Khaled and Kais Ben Salah},
    title = {DOC-BRelax: A new Multi-Agent system to solve
             Distributed Constraint Optimization Problems},
    journal = {IEEE},
    year = {2014}
}

@article{DCSPagent1998,
    author = {Yokoo, Makoto and Durfee, Edmund H.
              and Ishida, Toru and Kuwabara, Kazuhiro},
    title = {The Distributed Constraint Satisfaction Problem:
             Formalization and Algorithms},
    journal = {IEEE},
    year = {1998}
}

@article{DCSP2013,
    author = {Jannach, Dietmar and Zanker, Markus},
    title = {Modeling and Solving Distributed Configuration
             Problems: A CSP-Based Approach},
    journal = {IEEE},
    year = {2013}
}








@phdthesis{UAB-Thesis,
    author = {Joseph, Sindhu},
    school = {Universitat Autónoma de Barcelona},
    title = {Coherence-Based Computational Agency},
    year = {2010}
}

@article{ULLMAN1975384,
  title = "NP-complete scheduling problems",
  journal = "Journal of Computer and System Sciences",
  volume = "10",
  number = "3",
  pages = "384 - 393",
  year = "1975",
  note = "",
  issn = "0022-0000",
  doi = "http://dx.doi.org/10.1016/S0022-0000(75)80008-0",
  url = "http://www.sciencedirect.com/science/article/pii/S0022000075800080",
  author = "J.D. Ullman",
}


@article{ThagVerb98,
  title = {Coherence as Constraint Satisfaction},
  author = {Thagard, Paul and Verbeurgt, Karsten},
  journal = {COGNITIVE SCIENCE},
  volume = {22},
  number = {1},
  pages = {1 - 24},
  year = {1998},
  issn = {0364-0213}
}



@incollection{STMCode07,
  author = {Jones, Simon Peyton},
  title = {Beautiful concurrency},
  booktitle = {Beautiful code},
  publisher = {O’Reilly},
  year = {2007},
  url = {http://research.microsoft.com/en-us/um/people/simonpj/papers/stm/beautiful.pdf}
}
