@article{CSPswarm,
    author = {Yin, Yanchao and Sun, Linfu},
    title = {Generalized Dynamic Constraint Satisfaction
             Based on Extension Particle Swarm Optimization
             Algorithm for Collaborative Simulation},
    journal = {IEEE},
    year = 2007
}

@article{CSPhybrid,
    author = {Mhedhbi, Imen and Camus, Hervé
              and Craye, Etienne and Benrejeb, Mohamed},
    title = {SHMP solution for surface treatment line using
             an hybrid constraints satisfaction algorithm},
    journal = {IEEE},
    year = {2011}
}

@article{CSPtimetable,
    author = {Yang, Mingguang and Cai, Liyuan and Song, Guoming},
    title = {Constraint Satisfaction Timetabling Research
             Based on Course-Period-Template Selection
             and Conflict-Vector Detection},
    journal = {IEEE},
    year = {2010}
}

@article{CSPdynStateBound,
    author = {Lucia, Sergio and Paulen, Radoslav and  Engell, Sebastian},
    title = {Multi-stage Nonlinear Model Predictive Control
             with Verified Robust Constraint Satisfaction},
    journal = {IEEE},
    year = {2014}
}

@article{CSPneuro,
    author = {Ettaouil, Mohamed and Haddouch, Khalid and Hami, Youssef},
    title = {Neural networks approach for solving the Maximal
             Constraint Satisfaction Problems},
    journal = {IEEE},
    year = {2013}
}

@article{CSPcunningACO,
    author = {Mizuno, Kazunori and Hayakawa, Daiki and
              Sasaki, Hitoshi and Nishihara, Seiichi},
    title = {Solving Constraint Satisfaction Problems by ACO
             with Cunning Ants},
    journal = {IEEE},
    year = {2011}
}

@article{CSPlimmemACO,
    author = {Goradia, Hrishikesh J.},
    title = {Ants with Limited Memory for Solving Constraint
             Satisfaction Problems},
    journal = {IEEE},
    year = {2013}
}


@article{CSPhypHeur,
    author = {Ortiz-Bayliss, José C. and Terashima-Marín, Hugo
              and Conant-Pablos, Santiago E.},
    title = {Using Learning Classifier Systems to Design
             Selective Hyper-Heuristics for Constraint
             Satisfaction Problems},
    journal = {IEEE},
    year = {2013}
}

@article{CSPagent2013,
    author = {Moghaddas, Raziyeh and Mansoori, Eghbal
              and Hamzeh, Ali},
    title = {A New Multi-Agent Algorithm for Solving Constraint
             Satisfaction Problems},
    journal = {IEEE},
    year = {2013}
}

@article{CSPagent2014,
    author = {Sassi, Najla and Ghédira, Khaled and Kais Ben Salah},
    title = {DOC-BRelax: A new Multi-Agent system to solve
             Distributed Constraint Optimization Problems},
    journal = {IEEE},
    year = {2014}
}

@article{DCSPagent1998,
    author = {Yokoo, Makoto and Durfee, Edmund H.
              and Ishida, Toru and Kuwabara, Kazuhiro},
    title = {The Distributed Constraint Satisfaction Problem:
             Formalization and Algorithms},
    journal = {IEEE},
    year = {1998}
}

@article{DCSP2013,
    author = {Jannach, Dietmar and Zanker, Markus},
    title = {Modeling and Solving Distributed Configuration
             Problems: A CSP-Based Approach},
    journal = {IEEE},
    year = {2013}
}


@conference{QuantumGeneticAlgorithm,
  author = {Yue Zheng and Jingfa Liu},
  title = {A Novel Quantum-inspired Genetic Algorithm For a Weekly University
           Scheduling Optimization},
  booktitle = {International Conference on Information Science and Technology},
  month = {March},
  number = {26-28},
  year = {2011},
  pages = {373-376}
}





@phdthesis{UAB-Thesis,
    author = {Joseph, Sindhu},
    school = {Universitat Autónoma de Barcelona},
    title = {Coherence-Based Computational Agency},
    year = {2010}
}

@article{ULLMAN1975384,
  title = "NP-complete scheduling problems",
  journal = "Journal of Computer and System Sciences",
  volume = "10",
  number = "3",
  pages = "384 - 393",
  year = "1975",
  note = "",
  issn = "0022-0000",
  doi = "http://dx.doi.org/10.1016/S0022-0000(75)80008-0",
  url = "http://www.sciencedirect.com/science/article/pii/S0022000075800080",
  author = "J.D. Ullman",
}


@article{ThagVerb98,
  title = {Coherence as Constraint Satisfaction},
  author = {Thagard, Paul and Verbeurgt, Karsten},
  journal = {COGNITIVE SCIENCE},
  volume = {22},
  number = {1},
  pages = {1 - 24},
  year = {1998},
  issn = {0364-0213}
}
@article{Thagard89,
  title = {Explanatory Coherence},
  author = {Thagard, Paul},
  journal = {Behavioral and Brain Sciences},
  year = {1989},
  number = {12},
  pages = {435 - 502}
}
@article{ThagardAPS92,
  title = {Adversarial Problem Solving:
           Modeling an Opponent Using Explanatory Coherence},
  author = {Thagard, Paul},
  journal = {COGNITIVE SCIENCE},
  number = {16},
  year = {1992},
  pages = {123 - 149}
}


@article{Daya60,
  title = {Types of Coherence},
  author = {Daya},
  journal = {The Philosophical Quarterly},
  publisher = {Blackwell Publishing},
  year = {1960},
  month = {July},
  volume = {10},
  number = {40},
  pages = {193 - 204},
  url = {http://www.jstor.org/stable/2216934}
}



@incollection{STMCode07,
  author = {Jones, Simon Peyton},
  title = {Beautiful concurrency},
  booktitle = {Beautiful code},
  publisher = {O’Reilly},
  year = {2007},
  url = {http://research.microsoft.com/en-us/um/people/simonpj/papers/stm/beautiful.pdf}
}


@article{MAS-Survey,
  author = {Stone, Peter and Veloso, Manuela},
  title = {Multiagent Systems: A Survey from a Machine Learning Perspective},
  journal = {Autonomous Robotics},
  volume = {8},
  number = {3},
  year = {2000}
}

@book{MAS,
  author = {Shoham, Yoav and Leyton-Brown, Kevin},
  title = {Multiagent Systems: Algorithmic, Game-Theoretic, and Logical Foundations},
  year = {2009},
  publisher = {Cambridge University Press}
}

@incollection{PNoriega,
  booktitle = {Monografies de l'Institut d'Investigació en Intel·ligència Artificial},
  number = {8},
  author = {Noriega, Pablo},
  title = {Agent Mediated Auctions: The Fishmarket Metaphor}
}

@article{Weak-commitment,
  author = {Yokoo, Makoto},
  title = {Weak-commitment Search for Solving Constraint Satisfaction Problems},
  journal = {AAAI-94 Proceedings},
  year = {1994}
}

@misc{UN-CEU-Map,
  howpublished = {UNITED NATIONS, online},
  title = {CENTRAL AND EASTERN EUROPE},
  note = {Map No. 3877 Rev. 8},
  year = {2016},
  url = {http://www.un.org/Depts/Cartographic/map/profile/easteuro.pdf}
}
